% Encoding: UTF-8

@Article{mcroberts2010,
  author    = {McRoberts, Ronald E and Tomppo, Erkki O and N{\ae}sset, Erik},
  title     = {Advances and emerging issues in national forest inventories},
  journal   = {Scandinavian Journal of Forest Research},
  year      = {2010},
  volume    = {25},
  number    = {4},
  pages     = {368--381},
  publisher = {Taylor \& Francis},
}

@Article{gregoire2008,
  author  = {Gregoire, TG and Valentine Harry, T},
  title   = {Sampling Strategies for Natural Resources and the Environment Chapman \& Hall/CRC, Boca Raton},
  journal = {Fla. London},
  year    = {2008},
}

@Book{mandallaz2007,
  title     = {Sampling techniques for forest inventories},
  publisher = {CRC Press},
  year      = {2008},
  author    = {Mandallaz, Daniel},
}

@Book{schreuder1993,
  title     = {Sampling methods for multiresource forest inventory},
  publisher = {John Wiley \& Sons},
  year      = {1993},
  author    = {Schreuder, Hans T and Gregoire, Timothy G and Wood, Geoffrey B},
}

@Book{cochran2007,
  title     = {Sampling techniques},
  publisher = {John Wiley \& Sons},
  year      = {2007},
  author    = {Cochran, William G},
}

@Book{kohl2006,
  title     = {Sampling methods, remote sensing and GIS multiresource forest inventory},
  publisher = {Springer Science \& Business Media},
  year      = {2006},
  author    = {K{\"o}hl, Michael and Magnussen, Steen and Marchetti, Marco},
}

@Article{holmgren2004,
  author    = {Holmgren, Johan},
  title     = {Prediction of tree height, basal area and stem volume in forest stands using airborne laser scanning},
  journal   = {Scandinavian Journal of Forest Research},
  year      = {2004},
  volume    = {19},
  number    = {6},
  pages     = {543--553},
  publisher = {Taylor \& Francis},
}

@Article{naesset2002,
  author    = {N{\ae}sset, Erik},
  title     = {Predicting forest stand characteristics with airborne scanning laser using a practical two-stage procedure and field data},
  journal   = {Remote sensing of environment},
  year      = {2002},
  volume    = {80},
  number    = {1},
  pages     = {88--99},
  publisher = {Elsevier},
}

@Article{naesset2007,
  author    = {N{\ae}sset, Erik},
  title     = {Airborne laser scanning as a method in operational forest inventory: status of accuracy assessments accomplished in Scandinavia},
  journal   = {Scandinavian Journal of Forest Research},
  year      = {2007},
  volume    = {22},
  number    = {5},
  pages     = {433--442},
  publisher = {Taylor \& Francis},
}

@PhdThesis{vonluepke2013,
  author = {von L{\"u}pke, Nikolas},
  title  = {Approaches for the Optimisation of Double Sampling for Stratification in Repeated Forest Inventories},
  school = {University of G{\"o}ttingen},
  year   = {2013},
}

@Article{saborowski2010,
  author    = {Saborowski, Joachim and Marx, Almuth and Nagel, J{\"u}rgen and B{\"o}ckmann, Thomas},
  title     = {Double sampling for stratification in periodic inventories—Infinite population approach},
  journal   = {Forest ecology and management},
  year      = {2010},
  volume    = {260},
  number    = {10},
  pages     = {1886--1895},
  groups    = {Double sampling},
  publisher = {Elsevier},
}

@Article{mandallaz2013b,
  author    = {Mandallaz, Daniel and Breschan, Jochen and Hill, Andreas},
  title     = {New regression estimators in forest inventories with two-phase sampling and partially exhaustive information: a design-based monte carlo approach with applications to small-area estimation},
  journal   = {Canadian Journal of Forest Research},
  year      = {2013},
  volume    = {43},
  number    = {11},
  pages     = {1023--1031},
  doi       = {10.1139/cjfr-2013-0181},
  groups    = {SAE in forest inventory},
  publisher = {NRC Research Press},
  url       = { https://doi.org/10.1139/cjfr-2013-0181},
}

@Article{breidenbach2012,
  author    = {Breidenbach, Johannes and Astrup, Rasmus},
  title     = {Small area estimation of forest attributes in the Norwegian National Forest Inventory},
  journal   = {European Journal of Forest Research},
  year      = {2012},
  volume    = {131},
  number    = {4},
  pages     = {1255--1267},
  doi       = {10.1007/s10342-012-0596-7},
  groups    = {SAE in forest inventory, Double sampling, Application},
  publisher = {Springer},
}

@Article{mandallaz2013a,
  author    = {Mandallaz, Daniel},
  title     = {Design-based properties of some small-area estimators in forest inventory with two-phase sampling},
  journal   = {Canadian Journal of Forest Research},
  year      = {2013},
  volume    = {43},
  number    = {5},
  pages     = {441--449},
  doi       = {10.1139/cjfr-2012-0381},
  groups    = {SAE in forest inventory, Double sampling, Theory},
  publisher = {NRC Research Press},
  url       = {https://doi.org/10.1139/cjfr-2012-0381},
}

@Article{tonolli2011,
  author    = {Tonolli, Sergio and Dalponte, Michele and Vescovo, Loris and Rodeghiero, Mirco and Bruzzone, Lorenzo and Gianelle, Damiano},
  title     = {Mapping and modeling forest tree volume using forest inventory and airborne laser scanning},
  journal   = {european Journal of forest Research},
  year      = {2011},
  volume    = {130},
  number    = {4},
  pages     = {569--577},
  publisher = {Springer},
}

@Article{van2008,
  author    = {Van Aardt, Jan AN and Wynne, Randolph H and Scrivani, John A},
  title     = {Lidar-based mapping of forest volume and biomass by taxonomic group using structurally homogenous segments},
  journal   = {Photogrammetric Engineering \& Remote Sensing},
  year      = {2008},
  volume    = {74},
  number    = {8},
  pages     = {1033--1044},
  publisher = {American Society for Photogrammetry and Remote Sensing},
}

@Article{franco2001,
  author    = {Franco-Lopez, Hector and Ek, Alan R and Bauer, Marvin E},
  title     = {Estimation and mapping of forest stand density, volume, and cover type using the k-nearest neighbors method},
  journal   = {Remote sensing of environment},
  year      = {2001},
  volume    = {77},
  number    = {3},
  pages     = {251--274},
  publisher = {Elsevier},
}

@Article{latifi2010,
  author    = {Latifi, Hooman and Nothdurft, Arne and Koch, Barbara},
  title     = {Non-parametric prediction and mapping of standing timber volume and biomass in a temperate forest: application of multiple optical/LiDAR-derived predictors},
  journal   = {Forestry},
  year      = {2010},
  volume    = {83},
  number    = {4},
  pages     = {395--407},
  publisher = {Oxford University Press},
}

@Article{nothdurft2009,
  author    = {Nothdurft, Arne and Saborowski, Joachim and Breidenbach, Johannes},
  title     = {Spatial prediction of forest stand variables},
  journal   = {European Journal of Forest Research},
  year      = {2009},
  volume    = {128},
  number    = {3},
  pages     = {241--251},
  publisher = {Springer},
}

@Article{magnussen2014,
  author    = {Magnussen, Steen and Tomppo, Erkki},
  title     = {The k-nearest neighbor technique with local linear regression},
  journal   = {Scandinavian journal of forest research},
  year      = {2014},
  volume    = {29},
  number    = {2},
  pages     = {120--131},
  publisher = {Taylor \& Francis},
}

@Article{mcroberts2007,
  author    = {McRoberts, Ronald E and Tomppo, Erkki O and Finley, Andrew O and Heikkinen, Juha},
  title     = {Estimating areal means and variances of forest attributes using the k-Nearest Neighbors technique and satellite imagery},
  journal   = {Remote Sensing of Environment},
  year      = {2007},
  volume    = {111},
  number    = {4},
  pages     = {466--480},
  publisher = {Elsevier},
}

@Article{beaudoin2014,
  author    = {Beaudoin, A and Bernier, PY and Guindon, L and Villemaire, P and Guo, XJ and Stinson, G and Bergeron, T and Magnussen, S and Hall, RJ},
  title     = {Mapping attributes of Canada’s forests at moderate resolution through k NN and MODIS imagery},
  journal   = {Canadian Journal of Forest Research},
  year      = {2014},
  volume    = {44},
  number    = {5},
  pages     = {521--532},
  publisher = {NRC Research Press},
}

@Article{chirici2012,
  author    = {Chirici, Gherardo and Corona, Piermaria and Marchetti, Marco and Mastronardi, Alessandro and Maselli, Fabio and Bottai, Lorenzo and Travaglini, Davide},
  title     = {K-NN FOREST: a software for the non-parametric prediction and mapping of environmental variables by the k-Nearest Neighbors algorithm},
  journal   = {European Journal of Remote Sensing},
  year      = {2012},
  volume    = {45},
  number    = {1},
  pages     = {433--442},
  publisher = {Taylor \& Francis},
}

@Article{tomppo2006,
  author    = {Tomppo, Erkki},
  title     = {The Finnish multi-source national forest inventory--small area estimation and map production},
  journal   = {Forest inventory--methodology and applications. Springer, Dordrecht, NL},
  year      = {2006},
  pages     = {195--224},
  publisher = {Springer},
}

@Article{haara2012,
  author    = {Haara, Arto and Kangas, Annika},
  title     = {Comparing K Nearest Neighbours methods and linear regression-Is there reason to select one over the other?},
  journal   = {Mathematical and Computational Forestry \& Natural Resource Sciences},
  year      = {2012},
  volume    = {4},
  number    = {1},
  pages     = {50},
  publisher = {The MCFNS Publisher},
}

@Article{fehrmann2008,
  author    = {Fehrmann, Lutz and Lehtonen, Aleksi and Kleinn, Christoph and Tomppo, Erkki},
  title     = {Comparison of linear and mixed-effect regression models and ak-nearest neighbour approach for estimation of single-tree biomass},
  journal   = {Canadian Journal of Forest Research},
  year      = {2008},
  volume    = {38},
  number    = {1},
  pages     = {1--9},
  publisher = {NRC Research Press},
}

@Article{baffetta2010,
  author    = {Baffetta, Federica and Corona, Piermaria and Fattorini, Lorenzo},
  title     = {Design-based diagnostics for k-NN estimators of forest resources This article is one of a selection of papers from Extending Forest Inventory and Monitoring over Space and Time.},
  journal   = {Canadian Journal of Forest Research},
  year      = {2010},
  volume    = {41},
  number    = {1},
  pages     = {59--72},
  publisher = {NRC Research Press},
}

@Article{baffetta2009,
  author    = {Baffetta, Federica and Fattorini, Lorenzo and Franceschi, Sara and Corona, Piermaria},
  title     = {Design-based approach to k-nearest neighbours technique for coupling field and remotely sensed data in forest surveys},
  journal   = {Remote Sensing of Environment},
  year      = {2009},
  volume    = {113},
  number    = {3},
  pages     = {463--475},
  publisher = {Elsevier},
}

@MastersThesis{hill2013,
  author = {Hill, Andreas},
  title  = {Comparison of Small Area Estimators in Forest Inventory using Airborne Laserscanning Data},
  school = {ETH Zurich, University of G{\"o}ttingen},
  year   = {2013},
  doi    = {doi.org/10.3929/ethz-a-009947689},
  url    = {https://doi.org/10.3929/ethz-a-009947689},
}

@Article{magnussen2010,
  author    = {Magnussen, Steen and Tomppo, Erkki and McRoberts, Ronald E},
  title     = {A model-assisted k-nearest neighbour approach to remove extrapolation bias},
  journal   = {Scandinavian Journal of Forest Research},
  year      = {2010},
  volume    = {25},
  number    = {2},
  pages     = {174--184},
  publisher = {Taylor \& Francis},
}

@Article{pirlot1996,
  author    = {Pirlot, Marc},
  title     = {General local search methods},
  journal   = {European journal of operational research},
  year      = {1996},
  volume    = {92},
  number    = {3},
  pages     = {493--511},
  publisher = {Elsevier},
}

@Book{rayward1996,
  title     = {Modern heuristic search methods},
  publisher = {John Wiley},
  year      = {1996},
  author    = {Rayward-Smith, Victor J and Osman, C and Reeves, Colin R and Smith, George D},
}

@Article{kirkpatrick1983,
  author    = {Kirkpatrick, Scott and Gelatt, C Daniel and Vecchi, Mario P and others},
  title     = {Optimization by simulated annealing},
  journal   = {science},
  year      = {1983},
  volume    = {220},
  number    = {4598},
  pages     = {671--680},
  publisher = {Washington},
}

@Book{ott1997,
  title     = {Gebirgsnadelwälder: Ein praxisorientierter Leitfaden für eine standortgerechte Waldbehandlung},
  publisher = {Haupt},
  year      = {1997},
  author    = {Ott, Ernst and Frehner, Monika and Frey, Hans-Ulrich and Lüscher, Peter},
  isbn      = {3-258-05601-3},
  note      = {.},
  adress    = {Bern},
  language  = {de},
  size      = {287 S.},
}

@TechReport{brassel2001,
  author      = {Brassel, P and Lischke, H},
  title       = {Swiss National Forest Inventory: Methods and Models of the Second Assessment. WSL Swiss Federal Research Institute, CH-8903 Birmensdorf},
  institution = {ISBN 3-905620-99-5. URL http://www. lfi. ch/publikationen/publ/methods/methods. pdf},
  year        = {2001},
}

@Article{keller2011,
  author  = {Keller, MR},
  title   = {Swiss national forest inventory. Manual of the field survey 2004--2007},
  journal = {Swiss Federal Research Institute WSL, Birmensdorf, CH},
  year    = {2011},
}

@Article{hoffmann1982,
  author    = {Hoffmann, Christian},
  title     = {Die berechnung von tarifen f{\"u}r die waldinventur},
  journal   = {Forstwissenschaftliches Centralblatt},
  year      = {1982},
  volume    = {101},
  number    = {1},
  pages     = {24--36},
  publisher = {Springer},
}

@Article{lefsky1999,
  author    = {Lefsky, Michael A and Cohen, WB and Acker, SA and Parker, Geoffrey G and Spies, TA and Harding, D},
  title     = {Lidar remote sensing of the canopy structure and biophysical properties of Douglas-fir western hemlock forests},
  journal   = {Remote sensing of environment},
  year      = {1999},
  volume    = {70},
  number    = {3},
  pages     = {339--361},
  publisher = {Elsevier},
}

@Article{magnussen1999,
  author    = {Magnussen, Steen and Eggermont, Paul and LaRiccia, Vincent N},
  title     = {Recovering tree heights from airborne laser scanner data},
  journal   = {Forest science},
  year      = {1999},
  volume    = {45},
  number    = {3},
  pages     = {407--422},
  publisher = {Society of American Foresters},
}

@Book{draper2014,
  title     = {Applied regression analysis},
  publisher = {John Wiley \& Sons},
  year      = {2014},
  author    = {Draper, Norman R and Smith, Harry},
}

@InCollection{akaike1992,
  author    = {Akaike, Hirotogu},
  title     = {Information theory and an extension of the maximum likelihood principle},
  booktitle = {Breakthroughs in statistics},
  publisher = {Springer},
  year      = {1992},
  pages     = {610--624},
}

@Article{srivastava1995,
  author    = {Srivastava, Anil K and Srivastava, Virendra K and Ullah, Aman},
  title     = {The coefficient of determination and its adjusted version in linear regression models},
  journal   = {Econometric reviews},
  year      = {1995},
  volume    = {14},
  number    = {2},
  pages     = {229--240},
  publisher = {Taylor \& Francis},
}

@Article{mallows2000,
  author    = {Mallows, Colin L},
  title     = {Some comments on Cp},
  journal   = {Technometrics},
  year      = {2000},
  volume    = {42},
  number    = {1},
  pages     = {87--94},
  publisher = {Taylor \& Francis Group},
}

@Article{clementel2012,
  author  = {Clementel, Fabrizio and Colle, Giacomo and Farruggia, Claudia and Floris, Antonio and Scrinzi, Gianfranco and Torresan, Chiara},
  title   = {Estimating forest timber volume by means of" low-cost" LiDAR data.},
  journal = {Italian Journal of Remote Sensing/Rivista Italiana di Telerilevamento},
  year    = {2012},
  volume  = {44},
  number  = {1},
}

@Book{congalton2008,
  title     = {Assessing the accuracy of remotely sensed data: principles and practices},
  publisher = {CRC press},
  year      = {2008},
  author    = {Congalton, Russell G and Green, Kass},
}

@Book{richards1999,
  title     = {Remote sensing digital image analysis. An introduction},
  publisher = {Springer},
  year      = {1999},
  author    = {Richards, John A and Richards, JA},
  volume    = {3},
  doi       = {10.1007/978-3-662-03978-6},
}

@Article{beauchamp1973,
  author    = {Beauchamp, John J and Olson, Jerry S},
  title     = {Corrections for bias in regression estimates after logarithmic transformation},
  journal   = {Ecology},
  year      = {1973},
  volume    = {54},
  number    = {6},
  pages     = {1403--1407},
  publisher = {Wiley Online Library},
}

@Article{mcroberts2013,
  author    = {McRoberts, Ronald E and N{\ae}sset, Erik and Gobakken, Terje},
  title     = {Inference for lidar-assisted estimation of forest growing stock volume},
  journal   = {Remote Sensing of Environment},
  year      = {2013},
  volume    = {128},
  pages     = {268--275},
  publisher = {Elsevier},
}

@Article{mauro2010,
  author    = {Mauro, F and Valbuena, R and Manzanera, JA and Garc{\'\i}a-Abril, A},
  title     = {Influence of Global Navigation Satellite System errors in positioning inventory plots for tree-height distribution studies This article is one of a selection of papers from Extending Forest Inventory and Monitoring over Space and Time.},
  journal   = {Canadian journal of forest research},
  year      = {2010},
  volume    = {41},
  number    = {1},
  pages     = {11--23},
  publisher = {NRC Research Press},
}

@Article{steinmann2013,
  author    = {Steinmann, Katharina and Mandallaz, Daniel and Ginzler, Christian and Lanz, Adrian},
  title     = {Small area estimations of proportion of forest and timber volume combining Lidar data and stereo aerial images with terrestrial data},
  journal   = {Scandinavian journal of forest research},
  year      = {2013},
  volume    = {28},
  number    = {4},
  pages     = {373--385},
  groups    = {SAE in forest inventory, Application},
  publisher = {Taylor \& Francis},
}

@Book{fuller2009,
  title         = {Measurement error models},
  publisher     = {John Wiley \& Sons},
  year          = {2009},
  author        = {Fuller, Wayne A},
  volume        = {305},
  __markedentry = {[hilla:6]},
}

@Comment{jabref-meta: databaseType:bibtex;}
