% Encoding: UTF-8

% -====== Mandallaz ======== %

@Book{mandallaz2008,
  title     = {Sampling techniques for forest inventories},
  publisher = {CRC Press},
  year      = {2008},
  author    = {Mandallaz, Daniel},
  doi       = {10.1201/9781584889779},
  url       = {https://doi.org/10.1201/9781584889779},
}

% -====== Gregoire ======== %

@Book{gregoire2007,
  title     = {Sampling strategies for natural resources and the environment},
  publisher = {CRC Press},
  year      = {2007},
  author    = {Gregoire, Timothy G and Valentine, Harry T},
}


% -====== Schreuder ======== %

@Book{schreuder1993,
  title     = {Sampling methods for multiresource forest inventory},
  publisher = {John Wiley \& Sons},
  year      = {1993},
  author    = {Schreuder, Hans T and Gregoire, Timothy G and Wood, Geoffrey B},
}


% -====== Köhl ======== %

@Book{kohl2006,
  title     = {Sampling methods, remote sensing and GIS multiresource forest inventory},
  publisher = {Springer Science \& Business Media},
  year      = {2006},
  author    = {K{\"o}hl, Michael and Magnussen, Steen S and Marchetti, Marco},
  file      = {:pdf\\koehl_magnussen_Sampling Methods, Remote Sensing and GIS Multiresource Forest Inventory.pdf:PDF},
}

@Article{massey2014a,
  author    = {Massey, Alexander and Mandallaz, Daniel and Lanz, Adrian},
  title     = {Integrating remote sensing and past inventory data under the new annual design of the Swiss National Forest Inventory using three-phase design-based regression estimation},
  journal   = {Canadian Journal of Forest Research},
  year      = {2014},
  volume    = {44},
  number    = {10},
  pages     = {1177--1186},
  doi       = {10.1139/cjfr-2014-0152},
  file      = {:pdf\\massey1_2014_cjfr-2014-0152.pdf:PDF},
  publisher = {NRC Research Press},
  url       = {https://doi.org/10.1139/cjfr-2014-0152},
}

@Article{stoffels2015,
  author  = {Stoffels, Johannes and Hill, Joachim and Sachtleber, Thomas and Mader, Sebastian and Buddenbaum, Henning and Stern, Oksana and Langshausen, Joachim and Dietz, Jürgen and Ontrup, Godehard},
  title   = {Satellite-Based Derivation of High-Resolution Forest Information Layers for Operational Forest Management},
  journal = {Forests},
  year    = {2015},
  volume  = {6},
  number  = {6},
  pages   = {1982--2013},
  issn    = {1999-4907},
  doi     = {10.3390/f6061982},
  file    = {:pdf\\stoffels_forests-06-01982.pdf:PDF},
  url     = {http://www.mdpi.com/1999-4907/6/6/1982},
}

@Article{kublin2003,
  author    = {Kublin, Edgar},
  title     = {Einheitliche Beschreibung der Schaftform--Methoden und Programme--BDATPro},
  journal   = {Forstwissenschaftliches Centralblatt},
  year      = {2003},
  volume    = {122},
  number    = {3},
  pages     = {183--200},
  file      = {:pdf\\Kublin-2003-Forstwissenschaftliches_Centralblatt.pdf:PDF},
  publisher = {Wiley Online Library},
}

@Misc{bwi3_aufn,
  author    = {{B}undesministerium für {E}rn{\"a}hrung, {L}andwirtschaft und {V}erbraucherschutz},
  title     = {Aufnahmeanweisung für die dritte {B}undeswaldinventur {BWI3} (2011 - 2012)},
  year      = {2011},
  file      = {:pdf\\AufnahmeanweisungBWI3.pdf:PDF},
  publisher = {BMELV},
  url       = {https://www.bundeswaldinventur.de/index.php?id=421},
}

@Article{deo2016,
  author  = {Ram Kumar Deo and Robert E. Froese and Michael J. Falkowski and Andrew T. Hudak},
  title   = {Optimizing Variable Radius Plot Size and LiDAR Resolution to Model Standing Volume in Conifer Forests},
  journal = {Canadian Journal of Remote Sensing},
  year    = {2016},
  volume  = {42},
  number  = {5},
  pages   = {428-442},
  doi     = {10.1080/07038992.2016.1220826},
  eprint  = {http://dx.doi.org/10.1080/07038992.2016.1220826},
  file    = {:C\:\\Users\\hilla\\Dropbox\\Diplomarbeit\\dipl_document\\bib\\pdf\\Hudak_Optimizing Variable Radius Plot Size and LiDAR Resolution to Model Standing Volume in Conifer Forests.pdf:PDF},
  url     = { 
        http://dx.doi.org/10.1080/07038992.2016.1220826
    
},
}

@Book{carroll2006,
  title     = {Measurement error in nonlinear models: a modern perspective},
  publisher = {CRC press},
  year      = {2006},
  author    = {Carroll, Raymond J and Ruppert, David and Stefanski, Leonard A and Crainiceanu, Ciprian M},
  doi       = {10.1201/9781420010138},
  file      = {:pdf\\Rupert_Chapter_Linear Regression and Attenuation.pdf:PDF},
  url       = {https://doi.org/10.1201/9781420010138},
}

@Book{gustafson2003,
  title     = {Measurement error and misclassification in statistics and epidemiology: impacts and Bayesian adjustments},
  publisher = {CRC Press},
  year      = {2003},
  author    = {Gustafson, Paul},
  doi       = {10.1201/9780203502761},
  file      = {:pdf\\Gustafson_Measurement error and misclassification in statistics and epidemiology\\The Impact of Mismeasured Categorical Variables.pdf:PDF},
  url       = {https://doi.org/10.1201/9780203502761},
}

@Article{hill2014,
  author    = {Hill, Andreas and Breschan, Jochen and Mandallaz, Daniel},
  title     = {Accuracy assessment of timber volume maps using forest inventory data and LiDAR canopy height models},
  journal   = {Forests},
  year      = {2014},
  volume    = {5},
  number    = {9},
  pages     = {2253--2275},
  doi       = {10.3390/f5092253},
  file      = {:pdf\\hill_forests-05-02253-3.pdf:PDF},
  publisher = {Multidisciplinary Digital Publishing Institute},
  url       = {http://www.mdpi.com/1999-4907/5/9/2253},
}

@Article{kublin2013,
  author    = {Kublin, Edgar and Breidenbach, Johannes and K{\"a}ndler, Gerald},
  title     = {A flexible stem taper and volume prediction method based on mixed--effects B--spline regression},
  journal   = {European journal of forest research},
  year      = {2013},
  volume    = {132},
  number    = {5-6},
  pages     = {983--997},
  doi       = {10.1007/s10342-013-0715-0},
  file      = {:pdf\\Kublin_A ﬂexible stem taper and volume prediction method based on mixed-effects B-spline regression.pdf:PDF},
  publisher = {Springer},
}

@Article{liaw2002,
  author  = {Andy Liaw and Matthew Wiener},
  title   = {Classification and Regression by randomForest},
  journal = {R News},
  year    = {2002},
  volume  = {2},
  number  = {3},
  pages   = {18-22},
  file    = {:pdf\\liaw_R_randomforest.pdf:PDF},
  url     = {http://CRAN.R-project.org/doc/Rnews/},
}

@Article{maack2016,
  author    = {Maack, Joachim and Lingenfelder, Marcus and Weinacker, Holger and Koch, Barbara},
  title     = {Modelling the standing timber volume of Baden-W{\"u}rttemberg--A large-scale approach using a fusion of Landsat, airborne LiDAR and National Forest Inventory data},
  journal   = {International Journal of Applied Earth Observation and Geoinformation},
  year      = {2016},
  volume    = {49},
  pages     = {107--116},
  doi       = {10.1016/j.jag.2016.02.004},
  file      = {:pdf\\Modelling standing timber volume _BadenWurtemberg_Maack_Koch_2016.pdf:PDF},
  publisher = {Elsevier},
  url       = {https://doi.org/10.1016/j.jag.2016.02.004},
}

@Article{white2016,
  author    = {White, Joanne C and Coops, Nicholas C and Wulder, Michael A and Vastaranta, Mikko and Hilker, Thomas and Tompalski, Piotr},
  title     = {Remote sensing technologies for enhancing forest inventories: A review},
  journal   = {Canadian Journal of Remote Sensing},
  year      = {2016},
  volume    = {42},
  number    = {5},
  pages     = {619--641},
  doi       = {10.1080/07038992.2016.1207484},
  file      = {:pdf\\Remote Sensing Technologies for Enhancing Forest Inventories_A Review.pdf:PDF},
  publisher = {Taylor \& Francis},
  url       = {http://dx.doi.org/10.1080/07038992.2016.1207484},
}

@Article{zianis2005,
  author  = {Zianis, Dimitris and Muukkonen, Petteri and M{\"a}kip{\"a}{\"a}, Raisa and Mencuccini, Maurizio and others},
  title   = {{B}iomass and stem volume equations for tree species in {E}urope},
  journal = {Silva Fennica},
  year    = {2005},
  volume  = {Monographs 4},
  file    = {:pdf\\Biomass and stem volume equations for tree species in europe_Zianis.pdf:PDF},
}

@Article{latifi2012,
  author    = {Latifi, Hooman and Nothdurft, Arne and Straub, Christoph and Koch, Barbara},
  title     = {Modelling stratified forest attributes using optical/LiDAR features in a central European landscape},
  journal   = {International Journal of Digital Earth},
  year      = {2012},
  volume    = {5},
  number    = {2},
  pages     = {106--132},
  doi       = {10.1080/17538947.2011.583992},
  file      = {:pdf\\Modelling stratified forest attributes using optical_ Latifia_Nothdurft_Koch.pdf:PDF},
  publisher = {Taylor \& Francis},
  url       = {http://dx.doi.org/10.1080/17538947.2011.583992},
}

@Article{koch2010,
  author    = {Koch, Barbara},
  title     = {Status and future of laser scanning, synthetic aperture radar and hyperspectral remote sensing data for forest biomass assessment},
  journal   = {ISPRS Journal of Photogrammetry and Remote Sensing},
  year      = {2010},
  volume    = {65},
  number    = {6},
  pages     = {581--590},
  doi       = {10.1016/j.isprsjprs.2010.09.001},
  file      = {:pdf\\Koch_Status and future of laser scanning, synthetic aperture radar and hyperspectral remote sensing data for forest biomass assessment.pdf:PDF},
  publisher = {Elsevier},
  url       = {https://doi.org/10.1016/j.isprsjprs.2010.09.001},
}

@Article{straub2009,
  author    = {Straub, Christoph and Dees, Matthias and Weinacker, Holger and Koch, Barbara},
  title     = {Using airborne laser scanner data and CIR orthophotos to estimate the stem volume of forest stands},
  journal   = {Photogrammetrie-Fernerkundung-Geoinformation},
  year      = {2009},
  volume    = {2009},
  number    = {3},
  pages     = {277--287},
  doi       = {10.1127/0935-1221/2009/0022},
  file      = {:pdf\\Straub_Using Airborne Laser Scanner Data and CIR Orthophotos to Estimate the stem volume of forest stands.pdf:PDF},
  publisher = {E. Schweizerbart'sche Verlagsbuchhandlung},
  url       = {https://doi.org/10.1127/0935-1221/2009/0022},
}

@Article{packalen2006,
  author    = {Packal{\'e}n, Petteri and Maltamo, Matti},
  title     = {Predicting the plot volume by tree species using airborne laser scanning and aerial photographs},
  journal   = {Forest Science},
  year      = {2006},
  volume    = {52},
  number    = {6},
  pages     = {611--622},
  file      = {:pdf\\Maltamo_Predicting the Plot Volume by Tree Species Using Airborne Laser Scanning and Aerial Photographs.pdf:PDF},
  publisher = {Society of American Foresters},
}

@Article{nink2015,
  author    = {Nink, Sascha and Hill, Joachim and Buddenbaum, Henning and Stoffels, Johannes and Sachtleber, Thomas and Langshausen, Joachim},
  title     = {Assessing the Suitability of Future Multi-and Hyperspectral Satellite Systems for Mapping the Spatial Distribution of Norway Spruce Timber Volume},
  journal   = {Remote Sensing},
  year      = {2015},
  volume    = {7},
  number    = {9},
  pages     = {12009--12040},
  doi       = {10.3390/rs70912009},
  file      = {:pdf\\Nink_remotesensing-07-12009-v2-1.pdf:PDF},
  publisher = {Multidisciplinary Digital Publishing Institute},
  url       = {http://www.mdpi.com/2072-4292/7/9/12009},
}

@Article{hollaus2007,
  author    = {Hollaus, Markus and Wagner, Wolfgang and Maier, Bernhard and Schadauer, Klemens},
  title     = {Airborne laser scanning of forest stem volume in a mountainous environment},
  journal   = {Sensors},
  year      = {2007},
  volume    = {7},
  number    = {8},
  pages     = {1559--1577},
  doi       = {10.3390/s7081559},
  file      = {:pdf\\Hollaus_Airborne Laser Scanning of Forest Stem Volume in a Mountainous Environment.pdf:PDF},
  publisher = {Molecular Diversity Preservation International},
  url       = {http://www.mdpi.com/1424-8220/7/8/1559},
}

@Article{lambrecht2017,
  author    = {Lamprecht, Sebastian and Hill, Andreas and Stoffels, Johannes and Udelhoven, Thomas},
  title     = {A Machine Learning Method for Co--Registration and Individual Tree Matching of Forest Inventory and Airborne Laser Scanning Data},
  journal   = {Remote Sensing},
  year      = {2017},
  volume    = {9},
  number    = {5},
  doi       = {10.3390/rs9050505},
  file      = {:pdf\\lambrecht_A Machine Learning Method for Co-Registration and Individual Tree Matching of Forest Inventory and Airborne Laser Scanning Data.pdf:PDF},
  publisher = {Multidisciplinary Digital Publishing Institute},
  url       = {http://www.mdpi.com/2072-4292/9/5/505},
}

@Article{tonolli2011,
  author    = {Tonolli, Sergio and Dalponte, Michele and Vescovo, Loris and Rodeghiero, Mirco and Bruzzone, Lorenzo and Gianelle, Damiano},
  title     = {Mapping and modeling forest tree volume using forest inventory and airborne laser scanning},
  journal   = {European Journal of Forest Research},
  year      = {2011},
  volume    = {130},
  number    = {4},
  pages     = {569--577},
  doi       = {10.1007/s10342-010-0445-5},
  file      = {:pdf\\Mapping_and_modeling_forest_tree_volume_using_fore.pdf:PDF},
  publisher = {Springer},
  url       = {http://dx.doi.org/10.1007/s10342-010-0445-5},
}

@Article{vanaardt2008,
  author    = {Van Aardt, Jan and Wynne, Randolph and Scrivani, John},
  title     = {Lidar-based mapping of forest volume and biomass by taxonomic group using structurally homogenous segments},
  journal   = {Photogrammetric Engineering \& Remote Sensing},
  year      = {2008},
  volume    = {74},
  number    = {8},
  pages     = {1033--1044},
  doi       = {10.14358/PERS.74.8.1033},
  publisher = {American Society for Photogrammetry and Remote Sensing},
  url       = {https://doi.org/10.14358/PERS.74.8.1033},
}

@Article{massey2015b,
  author  = {Alexander Massey and Daniel Mandallaz},
  title   = {Design-based regression estimation of net change for forest inventories},
  journal = {Canadian Journal of Forest Research},
  year    = {2015},
  volume  = {45},
  number  = {12},
  pages   = {1775-1784},
  doi     = {10.1139/cjfr-2015-0266},
  eprint  = {https://doi.org/10.1139/cjfr-2015-0266},
  file    = {:pdf\\massey_netchange.pdf:PDF},
  url     = {https://doi.org/10.1139/cjfr-2015-0266
},
}

@Article{mcroberts2010,
  author    = {McRoberts, Ronald E and Tomppo, Erkki O and N{\ae}sset, Erik},
  title     = {Advances and emerging issues in national forest inventories},
  journal   = {Scandinavian Journal of Forest Research},
  year      = {2010},
  volume    = {25},
  number    = {4},
  pages     = {368--381},
  doi       = {10.1080/02827581.2010.496739},
  file      = {:pdf\\McRoberts_Advances and emerging issues in national forest inventories.pdf:PDF},
  publisher = {Taylor \& Francis},
  url       = {http://dx.doi.org/10.1080/02827581.2010.496739},
}

@Article{jakubowski2013,
  author    = {Jakubowski, Marek K and Guo, Qinghua and Kelly, Maggi},
  title     = {Tradeoffs between lidar pulse density and forest measurement accuracy},
  journal   = {Remote Sensing of Environment},
  year      = {2013},
  volume    = {130},
  pages     = {245--253},
  doi       = {10.1016/j.rse.2012.11.024},
  file      = {:pdf\\jakubowski_tradeoffs lidar quality.pdf:PDF},
  publisher = {Elsevier},
  url       = {https://doi.org/10.1016/j.rse.2012.11.024},
}

@Article{mcroberts2015,
  author    = {McRoberts, Ronald E and N{\ae}sset, Erik and Gobakken, Terje and Bollands{\aa}s, Ole Martin},
  title     = {Indirect and direct estimation of forest biomass change using forest inventory and airborne laser scanning data},
  journal   = {Remote Sensing of Environment},
  year      = {2015},
  volume    = {164},
  pages     = {36--42},
  doi       = {10.1016/j.rse.2015.02.018},
  file      = {:pdf\\mcroberts_changeestimation.pdf:PDF},
  publisher = {Elsevier},
  url       = {https://doi.org/10.1016/j.rse.2015.02.018},
}

@Article{magnussen2010a,
  author    = {Magnussen, S and N{\ae}sset, E and Gobakken, T},
  title     = {Reliability of LiDAR derived predictors of forest inventory attributes: A case study with Norway spruce},
  journal   = {Remote Sensing of Environment},
  year      = {2010},
  volume    = {114},
  number    = {4},
  pages     = {700--712},
  doi       = {10.1016/j.rse.2009.11.007},
  file      = {:pdf\\magnussen_reliability.pdf:PDF},
  publisher = {Elsevier},
  url       = {https://doi.org/10.1016/j.rse.2009.11.007},
}

@Article{husmann2017,
  author    = {Husmann, Kai and Rumpf, Sabine and Nagel, J{\"u}rgen},
  title     = {Biomass functions and nutrient contents of European beech, oak, sycamore maple and ash and their meaning for the biomass supply chain},
  journal   = {Journal of Cleaner Production},
  year      = {2017},
  doi       = {10.1016/j.jclepro.2017.03.019},
  file      = {:pdf\\husmann_biomass.pdf:PDF},
  publisher = {Elsevier},
  url       = {https://doi.org/10.1016/j.jclepro.2017.03.019},
}

@Article{ullah2017,
  author    = {Ullah, Sami and Dees, Matthias and Datta, Pawan and Adler, Petra and Koch, Barbara},
  title     = {Comparing Airborne Laser Scanning, and Image-Based Point Clouds by Semi-Global Matching and Enhanced Automatic Terrain Extraction to Estimate Forest Timber Volume},
  journal   = {Forests},
  year      = {2017},
  volume    = {8},
  number    = {6},
  pages     = {215},
  doi       = {10.3390/f8060215},
  publisher = {Multidisciplinary Digital Publishing Institute},
  url       = {http://www.mdpi.com/1999-4907/8/6/215},
}

@Article{vonLuebke2014,
  author    = {von L{\"u}pke, Nikolas and Saborowski, Joachim},
  title     = {Combining double sampling for stratification and cluster sampling to a three-level sampling design for continuous forest inventories},
  journal   = {European journal of forest research},
  year      = {2014},
  volume    = {133},
  number    = {1},
  pages     = {89--100},
  doi       = {10.1007/s10342-013-0743-9},
  publisher = {Springer},
  url       = {http://dx.doi.org/10.1007/s10342-013-0743-9},
}

@Article{kirchhoefer2017,
  author    = {Kirchhoefer, Melanie and Schumacher, Johannes and Adler, Petra and K{\"a}ndler, Gerald},
  title     = {Considerations towards a Novel Approach for Integrating Angle--Count Sampling Data in Remote Sensing Based Forest Inventories},
  journal   = {Forests},
  year      = {2017},
  volume    = {8},
  number    = {7},
  pages     = {239},
  file      = {:pdf/forests-08-00239(1).pdf:PDF},
  publisher = {Multidisciplinary Digital Publishing Institute},
}

@Article{naesset1997,
  author  = {Erik Næsset},
  title   = {Estimating timber volume of forest stands using airborne laser scanner data},
  journal = {Remote Sensing of Environment},
  year    = {1997},
  volume  = {61},
  number  = {2},
  pages   = {246 - 253},
  issn    = {0034-4257},
  doi     = {https://doi.org/10.1016/S0034-4257(97)00041-2},
  url     = {http://www.sciencedirect.com/science/article/pii/S0034425797000412},
}

@Article{brosofske2014,
  author    = {Brosofske, Kimberley D and Froese, Robert E and Falkowski, Michael J and Banskota, Asim},
  title     = {A review of methods for mapping and prediction of inventory attributes for operational forest management},
  journal   = {Forest Science},
  year      = {2014},
  volume    = {60},
  number    = {4},
  pages     = {733--756},
  publisher = {Society of American Foresters},
}

@Article{bohlin2017,
  author    = {Bohlin, Jonas and Bohlin, Inka and Jonz{\'e}n, Jonas and Nilsson, Mats},
  title     = {Mapping forest attributes using data from stereophotogrammetry of aerial images and field data from the national forest inventory},
  journal   = {SILVA FENNICA},
  year      = {2017},
  volume    = {51},
  number    = {2},
  publisher = {FINNISH SOC FOREST SCIENCE-NATURAL RESOURCES INST FINLAND PO BOX 18, FI-01301 VANTAA, FINLAND},
}

@Article{rahlf2014,
  author   = {Johannes Rahlf and Johannes Breidenbach and Svein Solberg and Erik Næsset and Rasmus Astrup},
  title    = {Comparison of four types of 3D data for timber volume estimation},
  journal  = {Remote Sensing of Environment},
  year     = {2014},
  volume   = {155},
  number   = {Supplement C},
  pages    = {325 - 333},
  issn     = {0034-4257},
  doi      = {https://doi.org/10.1016/j.rse.2014.08.036},
  keywords = {Forest inventory, Timber volume, Airborne laser scanning, Digital aerial photographs, Digital photogrammetry, TanDEM-X, TerraSAR-X, Radargrammetry, Mixed effects models},
  url      = {http://www.sciencedirect.com/science/article/pii/S0034425714003484},
}

@Article{breidenbach2008,
  author  = {Breidenbach, Johannes and Kublin, Edgar and McGaughey, R and Andersen, Hans-Erik and Reutebuch, Stephen E},
  title   = {Mixed--effects models for estimating stand volume by means of small footprint airborne laser scanner data},
  journal = {Photogrammetric Journal of Finland},
  year    = {2008},
  volume  = {21},
  number  = {1},
  pages   = {4--15},
  file    = {:pdf\\Breidenbach_2008.pdf:PDF},
}

@Book{fahrmeir2013,
  title     = {Regression: models, methods and applications},
  publisher = {Springer Science \& Business Media},
  year      = {2013},
  author    = {Fahrmeir, Ludwig and Kneib, Thomas and Lang, Stefan and Marx, Brian},
  doi       = {10.1007/978-3-642-34333-9},
  file      = {:pdf\\Regression_Fahrmeier_Kneib.pdf:PDF},
  url       = {http://www.springer.com/us/book/9783642343322},
}

@Book{pinheirobates2000,
  title     = {Mixed-Effects Models in S and S-PLUS},
  publisher = {Springer},
  year      = {2000},
  author    = {Pinheiro, Jose and Bates, Douglas},
  doi       = {10.1007/b98882},
  url       = {http://link.springer.com/book/10.1007%2Fb98882},
}

% -====== Särndal ======== %

@Book{sarndal2003,
  title     = {Model assisted survey sampling},
  publisher = {Springer Science \& Business Media},
  year      = {2003},
  author    = {S{\"a}rndal, Carl-Erik and Swensson, Bengt and Wretman, Jan},
}

@TechReport{mandallaz2016,
  author      = {Mandallaz, Daniel and Hill, Andreas and Massey, Alexander},
  title       = {Design-based properties of some small-area estimators in forest inventory with two-phase sampling - revised version},
  institution = {Department of Environmental Systems Science, ETH Zurich},
  year        = {2016},
  doi         = {10.3929/ethz-a-010579388},
  file        = {:pdf\\mandallaz2016_sae_eth-48510-01.pdf:PDF},
  groups      = {SAE in forest inventory, Double sampling, Theory},
  url         = {https://doi.org/10.3929/ethz-a-010579388},
}

@Book{harrell2015,
  title     = {Regression modeling strategies: with applications to linear models, logistic and ordinal regression, and survival analysis},
  publisher = {Springer},
  year      = {2015},
  author    = {Harrell, Frank},
  doi       = {10.1007/978-3-319-19425-7},
  file      = {:pdf\\Regression Modeling Strategies_Harrell.pdf:PDF},
}

@Book{zuur2009,
  title     = {Mixed effects models and extensions in ecology with R},
  publisher = {Springer},
  year      = {2009},
  author    = {Zuur, AF and Ieno, EN and Walker, NJ and Saveliev, AA and Smith, GM},
  doi       = {10.1007/978-0-387-87458-6},
  file      = {:pdf\\mixed effect models and extension in r_zuur.pdf:PDF},
}

@Manual{forestinventory,
  title  = {forestinventory: Design--Based Global and Small-Area Estimations for Multiphase Forest Inventories. R package version 0.3.1},
  author = {Andreas Hill and Alexander Massey},
  year   = {2017},
  file   = {:pdf\\JStatSoft_forestinventory_master.pdf:PDF},
  url    = {https://cran.r-project.org/web/packages/forestinventory/index.html},
}

@TechReport{mandallaz2013techa,
  author      = {Mandallaz, Daniel},
  title       = {Regression estimators in forest inventories with two-phase sampling and partially exhaustive information with applications to small-area estimation},
  institution = {Department of Environmental Systems Science, ETH Zurich},
  year        = {2013},
  doi         = {10.3929/ethz-a-007623322},
  file        = {:pdf\\mandallaz2013_eth-6637-01.pdf:PDF},
  groups      = {Triple sampling},
  url         = {https://doi.org/10.3929/ethz-a-007623322},
}

@TechReport{mandallaz2013techb,
  author      = {Mandallaz, Daniel},
  title       = {Regression estimators in forest inventories with three-phase sampling and two multivariate components of auxiliary information},
  institution = {Department of Environmental Systems Science, ETH Zurich},
  year        = {2013},
  doi         = {10.3929/ethz-a-009990020},
  file        = {:pdf\\mandallaz2013_eth-7483-01.pdf:PDF},
  groups      = {Triple sampling},
  url         = {https://doi.org/10.3929/ethz-a-009990020},
}

@MastersThesis{hill2013,
  author = {Hill, Andreas},
  title  = {Comparison of Small Area Estimators in Forest Inventory using Airborne Laserscanning Data},
  school = {ETH Zurich, University of G{\"o}ttingen},
  year   = {2013},
  doi    = {doi.org/10.3929/ethz-a-009947689},
  file   = {:pdf\\hill2013_eth-7331-01-1.pdf:PDF},
  url    = {https://doi.org/10.3929/ethz-a-009947689},
}

@Manual{regr0,
  title  = {{regr0}: Building regression models},
  author = {Stahel, Werner},
  year   = {2016},
  note   = {R package version 1.0-5/r75},
  file   = {:pdf\\regr-description.pdf:PDF},
  url    = {https://R-Forge.R-project.org/projects/regdevelop/},
}

@Manual{nlme,
  title  = {{nlme}: Linear and Nonlinear Mixed Effects Models},
  author = {Pinheiro, Jose and Bates, Douglas and DebRoy, Saikat and Sarkar, Deepayan Sarkar and {R Core Team}},
  year   = {2016},
  note   = {R package version 3.1-128},
  file   = {:pdf\\nlme.pdf:PDF},
  url    = {http://CRAN.R-project.org/package=nlme},
}

@Article{massey2015a,
  author  = {Alexander Massey and Daniel Mandallaz},
  title   = {Comparison of classical, kernel-based, and nearest neighbors regression estimators using the design-based Monte Carlo approach for two-phase forest inventories},
  journal = {Canadian Journal of Forest Research},
  year    = {2015},
  volume  = {45},
  number  = {11},
  pages   = {1480-1488},
  doi     = {10.1139/cjfr-2015-0151},
  file    = {:pdf\\massey2015_npe_cjfr-2015-0151.pdf:PDF},
  groups  = {Double sampling},
  url     = {https://doi.org/10.1139/cjfr-2015-0151},
}

@Misc{bwi3,
  author    = {Th{\"u}nen-Institut},
  title     = {Dritte {B}undeswaldinventur 2012},
  year      = {2014},
  note      = {Accessed: 2017-02-03},
  publisher = {Johann Heinrich von Th{\"u}nen-Institut},
  url       = {https://bwi.info},
}

@Article{white1980,
  author    = {White, Halbert},
  title     = {A heteroskedasticity-consistent covariance matrix estimator and a direct test for heteroskedasticity},
  journal   = {Econometrica: Journal of the Econometric Society},
  year      = {1980},
  pages     = {817--838},
  file      = {:pdf\\White_A heteroskedasticity-consistent covariance matrix estimator.pdf:PDF},
  publisher = {JSTOR},
}

@Manual{cvTools,
  title  = {cvTools: Cross--validation tools for regression models},
  author = {Andreas Alfons},
  year   = {2012},
  note   = {R package version 0.3.2},
  url    = {https://CRAN.R-project.org/package=cvTools},
}

@Article{czaplewski1992,
  author  = {Czaplewski, Raymond L Ph D},
  title   = {Misclassification bias in areal estimates},
  journal = {Photogrammetric Engineering \& Remote Sensing},
  year    = {1992},
  volume  = {58},
  number  = {2},
  pages   = {189--192},
  file    = {:pdf\\rmrs_1992_czaplewski_r001.pdf:PDF},
}

@Book{james2013,
  title     = {An introduction to statistical learning},
  publisher = {Springer},
  year      = {2013},
  author    = {James, Gareth and Witten, Daniela and Hastie, Trevor and Tibshirani, Robert},
  volume    = {6},
  doi       = {10.1007/978-1-4614-7138-7},
  file      = {:pdf\\Introduction to statistical learning_James.pdf:PDF},
}

@TechReport{waldb_rlp_2015,
  author      = {PEFC-Arbeitsgruppe Rheinland-Pfalz},
  title       = {4. Regionaler Waldbericht Rheinland-Pfalz},
  institution = {Programme for the Endorsement of Forest Certification Schemes PEFC},
  year        = {2015},
  file        = {:pdf\\4_regionaler_waldbericht_RLP.pdf:PDF},
}

@Article{hudak2006regression,
  author    = {Hudak, Andrew T and Crookston, Nicholas L and Evans, Jeffrey S and Falkowski, Michael J and Smith, Alistair MS and Gessler, Paul E and Morgan, Penelope},
  title     = {Regression modeling and mapping of coniferous forest basal area and tree density from discrete--return lidar and multispectral satellite data},
  journal   = {Canadian Journal of Remote Sensing},
  year      = {2006},
  volume    = {32},
  number    = {2},
  pages     = {126--138},
  doi       = {10.5589/m06-007},
  file      = {:pdf\\Hudak_Regression modeling and mapping of coniferous forest basal area and tree density from discrete-return LiDAR and multispectral satellite data.pdf:PDF},
  publisher = {NRC Research Press Ottawa, Canada},
  url       = { https://doi.org/10.5589/m06-007},
}

@Article{dorigo2010application,
  author    = {Dorigo, Wouter and Hollaus, Markus and Wagner, Wolfgang and Schadauer, Klemens},
  title     = {An application--oriented automated approach for co--registration of forest inventory and airborne laser scanning data},
  journal   = {International Journal of Remote Sensing},
  year      = {2010},
  volume    = {31},
  number    = {5},
  pages     = {1133--1153},
  doi       = {10.1080/01431160903380581},
  file      = {:pdf\\Dorigo_Hollaus_An application oriented automated approach for co registration of forest inventory and airborne laser scanning data.pdf:PDF},
  publisher = {Taylor \& Francis},
  url       = {http://dx.doi.org/10.1080/01431160903380581},
}

@Misc{matlab,
  author       = {Mathworks},
  title        = {MATLAB version 9.2.0.538062 (R2017a)},
  year         = {2017},
  address      = {Natick, Massachusetts},
  organization = {The Mathworks, Inc.},
}

@Misc{sentinel2,
  author = {ESA},
  title  = {Sentinel--2 earth observation mission},
  year   = {2017},
  note   = {Accessed: 2017-03-29},
  url    = {http://www.esa.int/Our_Activities/Observing_the_Earth/Copernicus/Sentinel-2},
}

@Article{grafstrom2017b,
  author  = {Anton Grafström and Xin Zhao and Martin Nylander and Hans Petersson},
  title   = {A new sampling strategy for forest inventories applied to the temporary clusters of the Swedish national forest inventory},
  journal = {Canadian Journal of Forest Research},
  year    = {2017},
  volume  = {47},
  number  = {9},
  pages   = {1161-1167},
  doi     = {10.1139/cjfr-2017-0095},
  eprint  = {https://doi.org/10.1139/cjfr-2017-0095},
  file    = {:pdf\\cjfr-2017-0095.pdf:PDF},
  groups  = {Double sampling},
  url     = { 
        https://doi.org/10.1139/cjfr-2017-0095
    
},
}

@Manual{lwaldg_rlp,
  title  = {{L}andeswaldgesetz {R}heinland-{P}falz ({F}orest {Act} {R}hineland-{P}alatinate)},
  author = {LWaldG},
  year   = {2000},
  note   = {{R}hineland-{P}alatinate, {G}ermany},
  url    = {http://www.landesrecht.rlp.de},
}

@PhdThesis{vonluepke2013,
  author = {von L{\"u}pke, Nikolas},
  title  = {Approaches for the Optimisation of Double Sampling for Stratification in Repeated Forest Inventories},
  school = {University of G{\"o}ttingen},
  year   = {2013},
}

@Article{vonLuepke2012,
  author  = {von L{\"u}pke, Nikolas and Hansen, Jan and Saborowski, Joachim},
  title   = {A Three-Phase Sampling Procedure for Continuous Forest Inventory with Partial Re-measurement and Updating of Terrestrial Sample Plots},
  journal = {European Journal of Forest Research},
  year    = {2012},
  volume  = {131},
  number  = {6},
  pages   = {1979--1990},
  month   = {Nov},
  issn    = {1612-4677},
  day     = {01},
  doi     = {10.1007/s10342-012-0648-z},
  file    = {:pdf\\niki_threephase.pdf:PDF},
  groups  = {Triple sampling},
}

@Book{vidal2016,
  title     = {National Forest Inventories: Assessment of Wood Availability and Use},
  publisher = {Springer},
  year      = {2016},
  author    = {Vidal, Claude and Alberdi, Iciar A and Mateo, Laura Hern{\'a}ndez and Redmond, John J},
  doi       = {10.1007/978-3-319-44015-6},
}

@Article{kulievsis2016,
  author    = {Kulie{\v{s}}is, Andrius and Tomter, Stein M and Vidal, Claude and Lanz, Adrian},
  title     = {Estimates of stem wood increments in forest resources: comparison of different approaches in forest inventory: consequences for international reporting: case studyof European forests},
  journal   = {Annals of Forest Science},
  year      = {2016},
  volume    = {73},
  number    = {4},
  pages     = {857--869},
  file      = {:pdf\\Kuliesis et al.pdf:PDF},
  publisher = {Springer},
}

@Article{tomter2016,
  author    = {Tomter, Stein Michael and Kulie{\v{s}}is, Andrius and Gschwantner, Thomas},
  title     = {Annual volume increment of the European forests--description and evaluation of the national methods used},
  journal   = {Annals of Forest Science},
  year      = {2016},
  volume    = {73},
  number    = {4},
  pages     = {849--856},
  file      = {:pdf\\Tomter_2016_Annual volume increment of the European forestsdescription and evaluation of the national methods used.pdf:PDF},
  publisher = {Springer},
}

@Article{saad2017,
  author    = {Saad, Rami and Eyvindson, Kyle and Gong, Peichen and L{\"a}m{\aa}s, Tomas and St{\aa}hl, G{\"o}ran},
  title     = {Potential of using data assimilation to support forest planning},
  journal   = {Canadian Journal of Forest Research},
  year      = {2017},
  volume    = {47},
  number    = {5},
  pages     = {690--695},
  publisher = {NRC Research Press},
}

@Article{bockmann1998,
  author   = {B{\"o}ckmann, Th and Saborowski, J and Dahm, St and Nagel, J and Spellmann, H},
  title    = {A new conception for forest inventory in lower saxony},
  journal  = {Forst und Holz (Germany)},
  year     = {1998},
  abstract = {Strukturreiche, gemischte und ungleichaltrige Waldbestaende, geaenderte waldbauliche Zielsetzung und der angestrebte Umbau strukturarmer Waelder in strukturreiche Mischwaelder erschweren in manchen Forstaemtern Niedersachsens schon heute, zukuenftig in vielen Forstaemtern die Inventur und Planung im Rahmen der Betriebsregelung. In strukturreichen Waeldern stossen die herkoemmlichen, auf den Einzelbestand ausgerichtete Inventurverfahren an ihre Grenzen. Die notwendigen Bestockungsinformationen koennen nicht mehr mit einem angemessenen Aufwand bzw. mit einer vertretbaren Genauigkeit erhoben werden. In ungleichaltrigen Mischbestaenden verlieren die Ertragstafelmodelle ihre Aussagekraft fuer die Planung. Zudem muessen angesichts der angespannten Haushaltslage die Kosten der Forsteinrichtung gesenkt werden. - Aus diesen Gruenden wurde die bestehende Kontrollstichprobe in Niedersachsen weiterentwickelt. Es wird das neu konzipierte Stichprobenverfahren vorgestellt, das aufgrund seiner zweiphasigen Vorgehensweise die Zielgroesse "Vorrat" des wirtschaftlich und oekologisch wertvolleren Starkholzes der Hauptbaumarten mit einer hoeheren Genauigkeit einschaetzt als die des Schwachholzes. Es kann gezeigt werden, dass aufgrund der angestrebten deutlich hoeheren Schaetzgenauigkeiten in den oberen Durchmesserklassen mit dem zweiphasigen Verfahren die Stichprobenumfaenge gegenueber der klassischen Kontrollstichprobe reduziert werden koennen. Ferner wird der Messaufwand bei
den eigentlichenProbekreisaufnahmen durch Reduktion der Hoehenmessungen, Wegfall der D7-Messungen und Vereinfachung der gestaffelten Probekreise deutlich vermindert. Erste Erfahrungen mit der zweiphasigen Betriebsinventur einschliesslich der Kosten werden im Vergleich zur bisherigen Kontrollstichprobe am Beispiel des Forstamtes Erdmannshausen vorgestellt. Eine zusammenfassende Bewertung der Ergebnissse wird vorgenommen.},
  groups   = {Double sampling},
}

@Misc{bwi3_ausw,
  author = {Schmitz, Friedrich and Polley, Heino and Hennig, Petra and Dunger, Karsten and Schwitzgebel, Frank},
  title  = {Die zweite {B}undeswaldinventur - {BWI2}: {I}nventur- und {A}uswertmethoden, {B}undesministerium fur {E}rnahrung, {L}and- {W}irtschaft und {V}erbraucherschutz ({H}rsg)},
  year   = {2008},
}

@Article{grafstrom2017a,
  author    = {Grafstr{\"o}m, A and Schnell, S and Saarela, S and Hubbell, SP and Condit, R},
  title     = {The continuous population approach to forest inventories and use of information in the design},
  journal   = {Environmetrics},
  year      = {2017},
  file      = {:pdf\\Grafstr-m_et_al-2017-Environmetrics.pdf:PDF},
  groups    = {Double sampling},
  publisher = {Wiley Online Library},
}

@Book{rao2015,
  title     = {Small-Area Estimation},
  publisher = {Wiley Online Library},
  year      = {2015},
  author    = {Rao, John NK},
  file      = {:pdf\\rao_small area estimation.pdf:PDF},
  groups    = {SAE, Theory},
}

@Article{steinmann2013,
  author    = {Steinmann, Katharina and Mandallaz, Daniel and Ginzler, Christian and Lanz, Adrian},
  title     = {Small area estimations of proportion of forest and timber volume combining Lidar data and stereo aerial images with terrestrial data},
  journal   = {Scandinavian journal of forest research},
  year      = {2013},
  volume    = {28},
  number    = {4},
  pages     = {373--385},
  file      = {:pdf\\steinmann_sae.pdf:PDF},
  groups    = {SAE in forest inventory, Application},
  publisher = {Taylor \& Francis},
}

@Article{goerndt2011,
  author    = {Goerndt, Michael E and Monleon, Vicente J and Temesgen, Hailemariam},
  title     = {A comparison of small--area estimation techniques to estimate selected stand attributes using LiDAR--derived auxiliary variables},
  journal   = {Canadian journal of forest research},
  year      = {2011},
  volume    = {41},
  number    = {6},
  pages     = {1189--1201},
  file      = {:pdf\\goerndt2011.pdf:PDF},
  groups    = {SAE in forest inventory, Application},
  publisher = {NRC Research Press},
}

@Article{magnussen2017,
  author    = {Magnussen, Steen and Mauro, Fransisco and Breidenbach, Johannes and Lanz, Adrian and K{\"a}ndler, Gerald},
  title     = {Area-level analysis of forest inventory variables},
  journal   = {European Journal of Forest Research},
  year      = {2017},
  pages     = {1--17},
  file      = {:pdf\\magnussen_area level.pdf:PDF},
  publisher = {Springer},
}

@Article{pfeffermann2013new,
  author    = {Pfeffermann, Danny and others},
  title     = {New important developments in small area estimation},
  journal   = {Statistical Science},
  year      = {2013},
  volume    = {28},
  number    = {1},
  pages     = {40--68},
  file      = {:pdf\\pfeffermann_sae review.pdf:PDF},
  publisher = {Institute of Mathematical Statistics},
}

@Book{remmel2017,
  title     = {Mapping Forest Landscape Patterns},
  publisher = {Springer},
  year      = {2017},
  author    = {Remmel, Tarmo K and Perera, Ajith H},
  doi       = {10.1007/978-1-4939-7331-6},
}

@Unpublished{hill2017a,
  author = {Hill, Andreas and Buddenbaum, Henning and Mandallaz, Daniel},
  title  = {Combining canopy height and tree species map information for large scale timber volume estimations under strong heterogeneity of auxiliary data and variable sample plot sizes},
  note   = {submitted for publication},
  year   = {2018},
}

@Article{stoffels2012,
  author    = {Stoffels, Johannes and Mader, Sebastian and Hill, Joachim and Werner, Willy and Ontrup, Godehard},
  title     = {Satellite-based stand-wise forest cover type mapping using a spatially adaptive classification approach},
  journal   = {European journal of forest research},
  year      = {2012},
  volume    = {131},
  number    = {4},
  pages     = {1071--1089},
  file      = {:pdf\\stoffels2012.pdf:PDF},
  publisher = {Springer},
}

@Book{bitterlich1984,
  title     = {The relascope idea. Relative measurements in forestry.},
  publisher = {Commonwealth Agricultural Bureaux},
  year      = {1984},
  author    = {Bitterlich, Walter},
}

@InBook{Akaike2011,
  pages     = {25--25},
  title     = {Akaike's Information Criterion},
  publisher = {Springer Berlin Heidelberg},
  year      = {2011},
  author    = {Akaike, Hirotugu},
  address   = {Berlin, Heidelberg},
  isbn      = {978-3-642-04898-2},
  booktitle = {International Encyclopedia of Statistical Science},
  doi       = {10.1007/978-3-642-04898-2_110},
  url       = {http://dx.doi.org/10.1007/978-3-642-04898-2_110},
}

@Article{breidenbach2012,
  author    = {Breidenbach, Johannes and Astrup, Rasmus},
  title     = {Small area estimation of forest attributes in the Norwegian National Forest Inventory},
  journal   = {European Journal of Forest Research},
  year      = {2012},
  volume    = {131},
  number    = {4},
  pages     = {1255--1267},
  doi       = {10.1007/s10342-012-0596-7},
  file      = {:pdf\\breidenbach_sae_norway.pdf:PDF},
  publisher = {Springer},
}

@Article{breiman2001,
  author    = {Breiman, Leo},
  title     = {Random forests},
  journal   = {Machine learning},
  year      = {2001},
  volume    = {45},
  number    = {1},
  pages     = {5--32},
  doi       = {10.1023/A:1010933404324},
  file      = {:pdf\\Breiman_randomforest2001.pdf:PDF},
  publisher = {Springer},
}

@Article{gauer2005,
  author  = {Gauer, J and Aldinger, E},
  title   = {{W}ald{\"o}kologische {N}aturr{\"a}ume {D}eutschlands--{W}uchsgebiete},
  journal = {{M}itteilungen des {V}ereins f{\"u}r {F}orstliche {S}tandortskunde und {F}orstpflanzenz{\"u}chtung},
  year    = {2005},
  volume  = {43},
  pages   = {281-288},
}

@Article{ginzler2015,
  author    = {Ginzler, Christian and Hobi, Martina L},
  title     = {Countrywide stereo--image matching for updating digital surface models in the framework of the Swiss national forest inventory},
  journal   = {Remote Sensing},
  year      = {2015},
  volume    = {7},
  number    = {4},
  pages     = {4343--4370},
  doi       = {10.3390/rs70404343},
  file      = {:pdf\\Ginzler_countrywide stereoimage matching in switzerland.pdf:PDF},
  publisher = {Multidisciplinary Digital Publishing Institute},
  url       = {http://www.mdpi.com/2072-4292/7/4/4343},
}

@Article{magnussen2014a,
  author  = {Steen Magnussen and Daniel Mandallaz and Johannes Breidenbach and Adrian Lanz and Christian Ginzler},
  title   = {National forest inventories in the service of small area estimation of stem volume},
  journal = {Canadian Journal of Forest Research},
  year    = {2014},
  volume  = {44},
  number  = {9},
  pages   = {1079-1090},
  doi     = {10.1139/cjfr-2013-0448},
  file    = {:pdf\\magnussen_et_al_cjfr-2013-0448.pdf:PDF},
  url     = {https://doi.org/10.1139/cjfr-2013-0448
},
}

@InCollection{naesset2014inmaltamo,
  author    = {Erik Næsset},
  title     = {Area-Based Inventory in Norway -- From Innovation to an Operational Reality},
  booktitle = {Forest Applications of Airborne Laser Scanning -- Concepts and Case Studies},
  publisher = {Springer},
  year      = {2014},
  chapter   = {11},
  pages     = {216-240},
  doi       = {10.1007/978-94-017-8663-8},
  file      = {:pdf\\Forestry Applications of Airborne Laser Scanning_Concepts and Case Studies.pdf:PDF},
}

@Article{mandallaz2013c,
  author    = {Mandallaz, Daniel},
  title     = {A three-phase sampling extension of the generalized regression estimator with partially exhaustive information},
  journal   = {Canadian Journal of Forest Research},
  year      = {2013},
  volume    = {44},
  number    = {4},
  pages     = {383--388},
  doi       = {10.1139/cjfr-2013-0449},
  file      = {:pdf\\mandallaz2013three_cjfr-2013-0449.pdf:PDF},
  publisher = {NRC Research Press},
  url       = {https://doi.org/10.1139/cjfr-2013-0449},
}

@Article{mandallaz2013a,
  author    = {Mandallaz, Daniel},
  title     = {Design-based properties of some small-area estimators in forest inventory with two-phase sampling},
  journal   = {Canadian Journal of Forest Research},
  year      = {2013},
  volume    = {43},
  number    = {5},
  pages     = {441--449},
  doi       = {10.1139/cjfr-2012-0381},
  file      = {:pdf\\mandallaz_sae_cjfr-2012-0381.pdf:PDF},
  publisher = {NRC Research Press},
  url       = {https://doi.org/10.1139/cjfr-2012-0381},
}

@Article{mandallaz2013b,
  author    = {Mandallaz, Daniel and Breschan, Jochen and Hill, Andreas},
  title     = {New regression estimators in forest inventories with two-phase sampling and partially exhaustive information: a design-based monte carlo approach with applications to small-area estimation},
  journal   = {Canadian Journal of Forest Research},
  year      = {2013},
  volume    = {43},
  number    = {11},
  pages     = {1023--1031},
  doi       = {10.1139/cjfr-2013-0181},
  file      = {:pdf\\mandallaz2013three_exh_cjfr-2013-0181.pdf:PDF},
  publisher = {NRC Research Press},
  url       = { https://doi.org/10.1139/cjfr-2013-0181},
}

@InCollection{polley2010intomppo,
  author    = {Polley, Heino and Schmitz, Friedrich and Hennig, Petra and Kroiher, Franz},
  title     = {Germany},
  booktitle = {National Forest Inventories - Pathways for Common Reporting},
  publisher = {Springer},
  year      = {2010},
  chapter   = {13},
  pages     = {223-243},
  doi       = {10.1007/978-90-481-3233-1},
  file      = {:pdf\\tomppo_National Forest Inventories.pdf:PDF},
}

@Article{saborowski2010,
  author    = {Saborowski, Joachim and Marx, Almuth and Nagel, J{\"u}rgen and B{\"o}ckmann, Thomas},
  title     = {Double sampling for stratification in periodic inventories--Infinite population approach},
  journal   = {Forest ecology and management},
  year      = {2010},
  volume    = {260},
  number    = {10},
  pages     = {1886--1895},
  doi       = {10.1016/j.foreco.2010.08.035},
  file      = {:pdf\\saborowski2010.pdf:PDF},
  publisher = {Elsevier},
  url       = {https://doi.org/10.1016/j.foreco.2010.08.035},
}

@Manual{R,
  title        = {R: A Language and Environment for Statistical Computing},
  author       = {{R Core Team}},
  organization = {R Foundation for Statistical Computing},
  address      = {Vienna, Austria},
  year         = {2017},
  url          = {https://www.R-project.org/},
}

@Unpublished{hill2017b,
  author = {Hill, Andreas and Mandallaz, Daniel},
  title  = {Implementation of Design--Based Small Area Estimations on Forest District Level by Combining Remote Sensing Data with Data of the {T}hird {G}erman {N}ational {F}orest {I}nventory},
  note   = {in prep.},
}

@Article{breidenbach2016,
  author    = {Breidenbach, Johannes and McRoberts, Ronald E and Astrup, Rasmus},
  title     = {Empirical Coverage of Model--Based Variance Estimators for Remote Sensing Assisted Estimation of Stand--Level Timber Volume},
  journal   = {Remote Sensing of Environment},
  year      = {2016},
  volume    = {173},
  pages     = {274--281},
  doi       = {10.1016/j.rse.2015.07.026},
  file      = {:pdf\\emp_coverage_synthests_breidenbach.pdf:PDF},
  publisher = {Elsevier},
}

@Manual{josae2015,
  title  = {\pkg{JoSAE}: Functions for some Unit-Level Small Area Estimators and their Variances},
  author = {Johannes Breidenbach},
  year   = {2015},
  note   = {\proglang{R}~package version~0.2.3},
  file   = {:pdf\\JoSAE_vignette.pdf:PDF},
  url    = {https://CRAN.R-project.org/package=JoSAE},
}

@Article{battese1988,
  author    = {Battese, George E and Harter, Rachel M and Fuller, Wayne A},
  title     = {An Error--Components Model for Prediction of County Crop Areas using Survey and Satellite Data},
  journal   = {Journal of the American Statistical Association},
  year      = {1988},
  volume    = {83},
  number    = {401},
  pages     = {28--36},
  doi       = {10.1080/01621459.1988.10478561},
  file      = {:pdf\\Battese_An Error Components Model for Prediction of County Crop Areas Using Survey and Satellite Data.pdf:PDF},
  publisher = {Taylor \& Francis Group},
}

@Booklet{hill2017c,
  title        = {Implementation of Design-Based Small Area Estimations on Forest District Level in {R}hineland-{P}alatinate by Combining Remote Sensing Data with Data of the {T}hird {N}ational {G}erman {I}nventory},
  author       = {Hill, Andreas and Mandallaz, Daniel and Buddenbaum, Henning and Stoffels, Johannes and Langshausen, Joachim},
  howpublished = {{T}hird {I}nternational {W}orkshop on {F}orest {I}nventory {S}tatistics, {F}reiburg},
  year         = {2017},
}

@Book{ggplot2,
  title     = {ggplot2: Elegant Graphics for Data Analysis},
  publisher = {Springer-Verlag New York},
  year      = {2009},
  author    = {Hadley Wickham},
  isbn      = {978-0-387-98140-6},
  url       = {http://ggplot2.org},
}

@TechReport{mandallaz2015tech,
  author      = {Mandallaz, Daniel},
  title       = {Mathematical Details of Two-Phase/Two-Stage and Three-Phase/Two-Stage Regression Estimators in Forest Inventories. Design-based Monte Carlo Approach},
  institution = {Department of Environmental Systems Science, ETH Zurich},
  year        = {2015},
  doi         = {10.3929/ethz-a-010441361},
  file        = {:pdf\\mandallaz2015_eth-47748-01.pdf:PDF},
  publisher   = {ETH Zürich},
  url         = {https://doi.org/10.3929/ethz-a-010441361},
}

@Manual{cullmann2016,
  title  = {\pkg{maSAE}: Mandallaz' Model-Assisted Small Area Estimators},
  author = {Andreas Dominik Cullmann},
  year   = {2016},
  note   = {\proglang{R}~package version~0.1-5},
  url    = {https://CRAN.R-project.org/package=maSAE},
}

@Manual{dt2017,
  title  = {\pkg{data.table}: Extension of `data.frame`},
  author = {Matt Dowle and Arun Srinivasan},
  year   = {2017},
  note   = {R package version 1.10.4-1},
  url    = {https://CRAN.R-project.org/package=data.table},
}

@Manual{github_forestinventory,
  title  = {forestinventory},
  author = {Hill, Andreas},
  year   = {2017},
  note   = {GitHub repository},
  url    = {https://github.com/AndreasChristianHill/forestinventory},
}

@Manual{survey,
  title  = {\pkg{survey}: Analysis of Complex Survey Samples},
  author = {Thomas Lumley},
  year   = {2016},
  note   = {R package version 3.32},
}

@Manual{sas,
  title   = {\proglang{SAS/STAT} Software, Version~9.4},
  author  = {{\proglang{SAS} Institute Inc.}},
  address = {Cary, NC},
  year    = {2015},
  url     = {http://www.sas.com/},
}

@PhdThesis{massey2015_thesis,
  author = {Massey, Alexander Francis},
  title  = {Multiphase estimation procedures for forest inventories under the design-based Monte Carlo approach},
  school = {ETH Zurich},
  year   = {2015},
  doi    = {10.3929/ethz-a-010536381},
  file   = {:pdf\\massey_thesis_eth-48166-02.pdf:PDF},
  url    = {https://doi.org/10.3929/ethz-a-010536381},
}

@Book{cochran2007,
  title         = {Sampling techniques},
  publisher     = {John Wiley \& Sons},
  year          = {2007},
  author        = {Cochran, William G},
  __markedentry = {[hilla:]},
}

@Article{holmgren2004,
  author        = {Holmgren, Johan},
  title         = {Prediction of tree height, basal area and stem volume in forest stands using airborne laser scanning},
  journal       = {Scandinavian Journal of Forest Research},
  year          = {2004},
  volume        = {19},
  number        = {6},
  pages         = {543--553},
  __markedentry = {[hilla:]},
  publisher     = {Taylor \& Francis},
}

@Article{naesset2002,
  author        = {N{\ae}sset, Erik},
  title         = {Predicting forest stand characteristics with airborne scanning laser using a practical two-stage procedure and field data},
  journal       = {Remote sensing of environment},
  year          = {2002},
  volume        = {80},
  number        = {1},
  pages         = {88--99},
  __markedentry = {[hilla:]},
  publisher     = {Elsevier},
}

@Article{naesset2007,
  author        = {N{\ae}sset, Erik},
  title         = {Airborne laser scanning as a method in operational forest inventory: status of accuracy assessments accomplished in Scandinavia},
  journal       = {Scandinavian Journal of Forest Research},
  year          = {2007},
  volume        = {22},
  number        = {5},
  pages         = {433--442},
  __markedentry = {[hilla:]},
  publisher     = {Taylor \& Francis},
}

@Article{franco2001,
  author        = {Franco-Lopez, Hector and Ek, Alan R and Bauer, Marvin E},
  title         = {Estimation and mapping of forest stand density, volume, and cover type using the k--nearest neighbors method},
  journal       = {Remote sensing of environment},
  year          = {2001},
  volume        = {77},
  number        = {3},
  pages         = {251--274},
  __markedentry = {[hilla:]},
  publisher     = {Elsevier},
}

@Article{nothdurft2009,
  author        = {Nothdurft, Arne and Saborowski, Joachim and Breidenbach, Johannes},
  title         = {Spatial prediction of forest stand variables},
  journal       = {European Journal of Forest Research},
  year          = {2009},
  volume        = {128},
  number        = {3},
  pages         = {241--251},
  __markedentry = {[hilla:]},
  publisher     = {Springer},
}

@Article{magnussen2014,
  author        = {Magnussen, Steen and Tomppo, Erkki},
  title         = {The k-nearest neighbor technique with local linear regression},
  journal       = {Scandinavian journal of forest research},
  year          = {2014},
  volume        = {29},
  number        = {2},
  pages         = {120--131},
  __markedentry = {[hilla:]},
  publisher     = {Taylor \& Francis},
}

@Article{mcroberts2007,
  author        = {McRoberts, Ronald E and Tomppo, Erkki O and Finley, Andrew O and Heikkinen, Juha},
  title         = {Estimating areal means and variances of forest attributes using the k-Nearest Neighbors technique and satellite imagery},
  journal       = {Remote Sensing of Environment},
  year          = {2007},
  volume        = {111},
  number        = {4},
  pages         = {466--480},
  __markedentry = {[hilla:]},
  publisher     = {Elsevier},
}

@Article{chirici2012,
  author        = {Chirici, Gherardo and Corona, Piermaria and Marchetti, Marco and Mastronardi, Alessandro and Maselli, Fabio and Bottai, Lorenzo and Travaglini, Davide},
  title         = {K--NN FOREST: a software for the non--parametric prediction and mapping of environmental variables by the k--Nearest Neighbors algorithm},
  journal       = {European Journal of Remote Sensing},
  year          = {2012},
  volume        = {45},
  number        = {1},
  pages         = {433--442},
  __markedentry = {[hilla:]},
  publisher     = {Taylor \& Francis},
}

@Article{tomppo2006,
  author        = {Tomppo, Erkki},
  title         = {The Finnish multi-source national forest inventory--small area estimation and map production},
  journal       = {Forest inventory--methodology and applications. Springer, Dordrecht, NL},
  year          = {2006},
  pages         = {195--224},
  __markedentry = {[hilla:]},
  publisher     = {Springer},
}

@Article{haara2012,
  author        = {Haara, Arto and Kangas, Annika},
  title         = {Comparing K Nearest Neighbours methods and linear regression--Is there reason to select one over the other?},
  journal       = {Mathematical and Computational Forestry \& Natural Resource Sciences},
  year          = {2012},
  volume        = {4},
  number        = {1},
  pages         = {50},
  __markedentry = {[hilla:]},
  publisher     = {The MCFNS Publisher},
}

@Article{fehrmann2008,
  author        = {Fehrmann, Lutz and Lehtonen, Aleksi and Kleinn, Christoph and Tomppo, Erkki},
  title         = {Comparison of linear and mixed--effect regression models and a k--nearest neighbour approach for estimation of single--tree biomass},
  journal       = {Canadian Journal of Forest Research},
  year          = {2008},
  volume        = {38},
  number        = {1},
  pages         = {1--9},
  __markedentry = {[hilla:]},
  publisher     = {NRC Research Press},
}

@Article{baffetta2010,
  author        = {Baffetta, Federica and Corona, Piermaria and Fattorini, Lorenzo},
  title         = {Design--based diagnostics for k-NN estimators of forest resources This article is one of a selection of papers from Extending Forest Inventory and Monitoring over Space and Time.},
  journal       = {Canadian Journal of Forest Research},
  year          = {2010},
  volume        = {41},
  number        = {1},
  pages         = {59--72},
  __markedentry = {[hilla:]},
  publisher     = {NRC Research Press},
}

@Article{baffetta2009,
  author        = {Baffetta, Federica and Fattorini, Lorenzo and Franceschi, Sara and Corona, Piermaria},
  title         = {Design--based approach to k--nearest neighbours technique for coupling field and remotely sensed data in forest surveys},
  journal       = {Remote Sensing of Environment},
  year          = {2009},
  volume        = {113},
  number        = {3},
  pages         = {463--475},
  __markedentry = {[hilla:]},
  publisher     = {Elsevier},
}

@Article{magnussen2010,
  author        = {Magnussen, Steen and Tomppo, Erkki and McRoberts, Ronald E},
  title         = {A model-assisted k-nearest neighbour approach to remove extrapolation bias},
  journal       = {Scandinavian Journal of Forest Research},
  year          = {2010},
  volume        = {25},
  number        = {2},
  pages         = {174--184},
  __markedentry = {[hilla:]},
  publisher     = {Taylor \& Francis},
}

@Article{pirlot1996,
  author        = {Pirlot, Marc},
  title         = {General local search methods},
  journal       = {European journal of operational research},
  year          = {1996},
  volume        = {92},
  number        = {3},
  pages         = {493--511},
  __markedentry = {[hilla:]},
  publisher     = {Elsevier},
}

@Book{rayward1996,
  title         = {Modern heuristic search methods},
  publisher     = {John Wiley},
  year          = {1996},
  author        = {Rayward-Smith, Victor J and Osman, C and Reeves, Colin R and Smith, George D},
  __markedentry = {[hilla:]},
}

@Article{kirkpatrick1983,
  author        = {Kirkpatrick, Scott and Gelatt, C Daniel and Vecchi, Mario P and others},
  title         = {Optimization by simulated annealing},
  journal       = {science},
  year          = {1983},
  volume        = {220},
  number        = {4598},
  pages         = {671--680},
  __markedentry = {[hilla:]},
  publisher     = {Washington},
}

@Book{ott1997,
  title         = {Gebirgsnadelwälder: Ein praxisorientierter Leitfaden für eine standortgerechte Waldbehandlung},
  publisher     = {Haupt},
  year          = {1997},
  author        = {Ott, Ernst and Frehner, Monika and Frey, Hans-Ulrich and Lüscher, Peter},
  isbn          = {3-258-05601-3},
  note          = {.},
  __markedentry = {[hilla:]},
  adress        = {Bern},
  language      = {de},
  size          = {287 S.},
}

@TechReport{brassel2001,
  author        = {Brassel, P and Lischke, H},
  title         = {Swiss National Forest Inventory: Methods and Models of the Second Assessment. WSL Swiss Federal Research Institute, CH-8903 Birmensdorf},
  institution   = {ISBN 3-905620-99-5. URL http://www. lfi. ch/publikationen/publ/methods/methods. pdf},
  year          = {2001},
  __markedentry = {[hilla:]},
}

@Article{keller2011,
  author        = {Keller, MR},
  title         = {Swiss national forest inventory. Manual of the field survey 2004--2007},
  journal       = {Swiss Federal Research Institute WSL, Birmensdorf, CH},
  year          = {2011},
  __markedentry = {[hilla:]},
}

@Article{hoffmann1982,
  author        = {Hoffmann, Christian},
  title         = {Die {B}erechnung von {T}arifen f{\"u}r die {W}aldinventur},
  journal       = {Forstwissenschaftliches Centralblatt},
  year          = {1982},
  volume        = {101},
  number        = {1},
  pages         = {24--36},
  __markedentry = {[hilla:]},
  publisher     = {Springer},
}

@Article{lefsky1999,
  author        = {Lefsky, Michael A and Cohen, WB and Acker, SA and Parker, Geoffrey G and Spies, TA and Harding, D},
  title         = {Lidar remote sensing of the canopy structure and biophysical properties of Douglas-fir western hemlock forests},
  journal       = {Remote sensing of environment},
  year          = {1999},
  volume        = {70},
  number        = {3},
  pages         = {339--361},
  __markedentry = {[hilla:]},
  publisher     = {Elsevier},
}

@Article{magnussen1999,
  author        = {Magnussen, Steen and Eggermont, Paul and LaRiccia, Vincent N},
  title         = {Recovering tree heights from airborne laser scanner data},
  journal       = {Forest science},
  year          = {1999},
  volume        = {45},
  number        = {3},
  pages         = {407--422},
  __markedentry = {[hilla:]},
  publisher     = {Society of American Foresters},
}

@InCollection{akaike1992,
  author        = {Akaike, Hirotogu},
  title         = {Information theory and an extension of the maximum likelihood principle},
  booktitle     = {Breakthroughs in statistics},
  publisher     = {Springer},
  year          = {1992},
  pages         = {610--624},
  __markedentry = {[hilla:]},
}

@Article{srivastava1995,
  author        = {Srivastava, Anil K and Srivastava, Virendra K and Ullah, Aman},
  title         = {The coefficient of determination and its adjusted version in linear regression models},
  journal       = {Econometric reviews},
  year          = {1995},
  volume        = {14},
  number        = {2},
  pages         = {229--240},
  __markedentry = {[hilla:]},
  publisher     = {Taylor \& Francis},
}

@Article{mallows2000,
  author        = {Mallows, Colin L},
  title         = {Some comments on Cp},
  journal       = {Technometrics},
  year          = {2000},
  volume        = {42},
  number        = {1},
  pages         = {87--94},
  __markedentry = {[hilla:]},
  publisher     = {Taylor \& Francis Group},
}

@Article{clementel2012,
  author        = {Clementel, Fabrizio and Colle, Giacomo and Farruggia, Claudia and Floris, Antonio and Scrinzi, Gianfranco and Torresan, Chiara},
  title         = {Estimating forest timber volume by means of 'low--cost' LiDAR data.},
  journal       = {Italian Journal of Remote Sensing/Rivista Italiana di Telerilevamento},
  year          = {2012},
  volume        = {44},
  number        = {1},
  __markedentry = {[hilla:]},
}

@Book{richards1999,
  title         = {Remote sensing digital image analysis. An introduction},
  publisher     = {Springer},
  year          = {1999},
  author        = {Richards, John A and Richards, JA},
  volume        = {3},
  __markedentry = {[hilla:]},
  doi           = {10.1007/978-3-662-03978-6},
}

@Article{beauchamp1973,
  author        = {Beauchamp, John J and Olson, Jerry S},
  title         = {Corrections for bias in regression estimates after logarithmic transformation},
  journal       = {Ecology},
  year          = {1973},
  volume        = {54},
  number        = {6},
  pages         = {1403--1407},
  __markedentry = {[hilla:]},
  publisher     = {Wiley Online Library},
}

@Article{mcroberts2013,
  author        = {McRoberts, Ronald E and N{\ae}sset, Erik and Gobakken, Terje},
  title         = {Inference for lidar-assisted estimation of forest growing stock volume},
  journal       = {Remote Sensing of Environment},
  year          = {2013},
  volume        = {128},
  pages         = {268--275},
  __markedentry = {[hilla:]},
  publisher     = {Elsevier},
}

@Article{mauro2010,
  author        = {Mauro, F and Valbuena, R and Manzanera, JA and Garc{\'\i}a-Abril, A},
  title         = {Influence of Global Navigation Satellite System errors in positioning inventory plots for tree-height distribution studies This article is one of a selection of papers from Extending Forest Inventory and Monitoring over Space and Time.},
  journal       = {Canadian journal of forest research},
  year          = {2010},
  volume        = {41},
  number        = {1},
  pages         = {11--23},
  __markedentry = {[hilla:]},
  publisher     = {NRC Research Press},
}

@Book{fuller2009,
  title         = {Measurement error models},
  publisher     = {John Wiley \& Sons},
  year          = {2009},
  author        = {Fuller, Wayne A},
  volume        = {305},
  __markedentry = {[hilla:]},
}

@Article{beaudoin2014,
  author        = {Beaudoin, A and Bernier, PY and Guindon, L and Villemaire, P and Guo, XJ and Stinson, G and Bergeron, T and Magnussen, S and Hall, RJ},
  title         = {Mapping attributes of Canada's forests at moderate resolution through k NN and MODIS imagery},
  journal       = {Canadian Journal of Forest Research},
  year          = {2014},
  volume        = {44},
  number        = {5},
  pages         = {521--532},
  __markedentry = {[hilla:]},
  doi           = {10.1139/cjfr-2013-0401},
  eprint        = {https://doi.org/10.1139/cjfr-2013-0401},
  publisher     = {NRC Research Press},
  url           = {https://doi.org/10.1139/cjfr-2013-0401},
}

@Book{congalton2008,
  title         = {Assessing the accuracy of remotely sensed data: principles and practices},
  publisher     = {CRC press},
  year          = {2008},
  author        = {Congalton, Russell G and Green, Kass},
  __markedentry = {[hilla:]},
  doi           = {10.1201/9781420055139},
  file          = {:pdf\\Assessing the Accuracy of Remotely Sensed Data\\Analysis of Differences in the Error Matrix.pdf:PDF},
  url           = {https://doi.org/10.1201/9781420055139},
}

@Book{draper2014,
  title         = {Applied regression analysis},
  publisher     = {John Wiley \& Sons},
  year          = {2014},
  author        = {Draper, Norman R and Smith, Harry},
  __markedentry = {[hilla:]},
  file          = {:pdf/Draper and Smith Regression Analysis/merge_pdfs.pdf:PDF},
}

@Article{latifi2010,
  author        = {Latifi, Hooman and Nothdurft, Arne and Koch, Barbara},
  title         = {Non-parametric prediction and mapping of standing timber volume and biomass in a temperate forest: application of multiple optical/LiDAR-derived predictors},
  journal       = {Forestry},
  year          = {2010},
  volume        = {83},
  number        = {4},
  pages         = {395--407},
  __markedentry = {[hilla:]},
  doi           = {10.1093/forestry/cpq022},
  publisher     = {Oxford University Press},
  url           = {https://doi.org/10.1093/forestry/cpq022},
}

@Article{bont2012,
  author        = {Bont, Leo and Heinimann, Hans Rudolf},
  title         = {Optimum geometric layout of a single cable road},
  journal       = {European journal of forest research},
  year          = {2012},
  volume        = {131},
  number        = {5},
  pages         = {1439--1448},
  __markedentry = {[hilla:6]},
  publisher     = {Springer},
}

@Article{bont2015,
  author        = {Bont, Leo Gallus and Heinimann, Hans Rudolf and Church, Richard L},
  title         = {Concurrent optimization of harvesting and road network layouts under steep terrain},
  journal       = {Annals of Operations Research},
  year          = {2015},
  volume        = {232},
  number        = {1},
  pages         = {41--64},
  __markedentry = {[hilla:6]},
  publisher     = {Springer},
}

@Article{mcroberts2010a,
  author        = {McRoberts, Ronald E},
  title         = {The effects of rectification and Global Positioning System errors on satellite image--based estimates of forest area},
  journal       = {Remote Sensing of Environment},
  year          = {2010},
  volume        = {114},
  number        = {8},
  pages         = {1710--1717},
  __markedentry = {[hilla:6]},
  publisher     = {Elsevier},
}

@Book{schumacher1932,
  title     = {Determination of the Errors of Estimate of a Forest Survey: With Special Reference to the Bottom-land Hardwood Forest Region},
  publisher = {US Government Printing Office},
  year      = {1932},
  author    = {Schumacher, Francis Xavier and Bull, Henry Bolivar},
  file      = {:pdfs/Schumacher_Bull_1932Determination  of the  errors  of  estimate  of  a  forest  survey  with.pdf:PDF},
}

@Book{zoehrer1980,
  title     = {{F}orstinventur: {L}eitfaden f{\"u}r {S}tudium und {L}ehre},
  publisher = {Practice/Hamberg, Berlin: Parey,(Parey Studientexte: Nr. 26)},
  year      = {1980},
  author    = {Z{\"o}hrer, Fritz},
}

@Book{carlowitz1713,
  title     = {Sylvicultura oeconomica},
  publisher = {J.F. Braun, {L}eipzig},
  year      = {1713},
  author    = {von Carlowitz, Hans Carl},
}

@Book{hartig1795,
  title     = {Anweisung zur Taxation der Forste, oder zur Bestimmung des Holzertrags der W{\"a}lder: Ein Beytrag zur h{\"o}heren Forstwissenschaft: Nebst einer illuminirten Forst-Charte und mehreren Tabellen},
  publisher = {Heyer},
  year      = {1795},
  author    = {Hartig, Georg Ludwig},
}

@Article{hasel1938,
  author  = {Hasel, Austin A.},
  title   = {Sampling error in timber surveys},
  journal = {Journal of Agricultural Research},
  year    = {1938},
  volume  = {57},
  number  = {10},
  pages   = {713--736},
}

@Article{langballe1938,
  author    = {Langballe, NB and Fogh, IF},
  title     = {Improved methods of procedure in cruising for operating purposes},
  journal   = {The Forestry Chronicle},
  year      = {1938},
  volume    = {14},
  number    = {2},
  pages     = {84--87},
  publisher = {NRC Research Press Ottawa, Canada},
}

@Article{goodspeed1934,
  author    = {Goodspeed, Allen},
  title     = {A modified plot method of timber cruising applicable in southern new {E}ngland},
  journal   = {Journal of Forestry},
  year      = {1934},
  volume    = {32},
  number    = {1},
  pages     = {43--46},
  publisher = {Oxford University Press},
}

@Book{fisher1925,
  title     = {Statistical methods for research workers},
  publisher = {Genesis Publishing Pvt Ltd},
  year      = {1925},
  author    = {Fisher, Ronald Aylmer},
}

@Article{matheron1963,
  author    = {Matheron, Georges},
  title     = {Principles of geostatistics},
  journal   = {Economic geology},
  year      = {1963},
  volume    = {58},
  number    = {8},
  pages     = {1246--1266},
  publisher = {Society of Economic Geologists},
}

@Article{hansen1943,
  author    = {Hansen, Morris H and Hurwitz, William N},
  title     = {On the theory of sampling from finite populations},
  journal   = {The Annals of Mathematical Statistics},
  year      = {1943},
  volume    = {14},
  number    = {4},
  pages     = {333--362},
  publisher = {JSTOR},
}

@Article{horvitz1952,
  author    = {Horvitz, Daniel G and Thompson, Donovan J},
  title     = {A generalization of sampling without replacement from a finite universe},
  journal   = {Journal of the American statistical Association},
  year      = {1952},
  volume    = {47},
  number    = {260},
  pages     = {663--685},
  publisher = {Taylor \& Francis Group},
}

@Book{grosenbaugh1958,
  title     = {Point sampling and line sampling: probability theory, geometric implications, synthesis},
  publisher = {Southern Forest Experiment Station, Forest Service, US Department of Agriculture},
  year      = {1958},
  author    = {Grosenbaugh, Lewis Randolph},
}

@Article{wilcoxon1970,
  author    = {Wilcoxon, Frank and Katti, SK and Wilcox, Roberta A},
  title     = {Critical values and probability levels for the Wilcoxon rank sum test and the Wilcoxon signed rank test},
  journal   = {Selected tables in mathematical statistics},
  year      = {1970},
  volume    = {1},
  pages     = {171--259},
  publisher = {Institute of Mathematical Statistics Providence, RI},
}

@Comment{jabref-meta: databaseType:bibtex;}
